%YAML 1.1
%TAG !u! tag:unity3d.com,2011:
--- !u!1 &2347617944817397050
GameObject:
  m_ObjectHideFlags: 0
  m_CorrespondingSourceObject: {fileID: 0}
  m_PrefabInstance: {fileID: 0}
  m_PrefabAsset: {fileID: 0}
  serializedVersion: 6
  m_Component:
  - component: {fileID: 318002891247249925}
  - component: {fileID: 6418183176708031549}
  - component: {fileID: 6169382161988571671}
  - component: {fileID: 7966409961212382630}
  - component: {fileID: 4965914544914919191}
  - component: {fileID: 5689851236692300360}
  m_Layer: 0
  m_Name: Bigote
  m_TagString: Untagged
  m_Icon: {fileID: 0}
  m_NavMeshLayer: 0
  m_StaticEditorFlags: 0
  m_IsActive: 1
--- !u!4 &318002891247249925
Transform:
  m_ObjectHideFlags: 0
  m_CorrespondingSourceObject: {fileID: 0}
  m_PrefabInstance: {fileID: 0}
  m_PrefabAsset: {fileID: 0}
  m_GameObject: {fileID: 2347617944817397050}
  m_LocalRotation: {x: -0, y: 1, z: -0, w: 0}
  m_LocalPosition: {x: 0.479, y: 0.09612219, z: 0.343}
  m_LocalScale: {x: 0.6666667, y: 0.6666667, z: 0.6666667}
  m_ConstrainProportionsScale: 0
  m_Children: []
  m_Father: {fileID: 3118118939170252723}
  m_RootOrder: 0
  m_LocalEulerAnglesHint: {x: 0, y: 0, z: 0}
--- !u!114 &6418183176708031549
MonoBehaviour:
  m_ObjectHideFlags: 0
  m_CorrespondingSourceObject: {fileID: 0}
  m_PrefabInstance: {fileID: 0}
  m_PrefabAsset: {fileID: 0}
  m_GameObject: {fileID: 2347617944817397050}
  m_Enabled: 1
  m_EditorHideFlags: 0
  m_Script: {fileID: 11500000, guid: 8233d90336aea43098adf6dbabd606a2, type: 3}
  m_Name: 
  m_EditorClassIdentifier: 
  m_MeshFormatVersion: 2
  m_Faces:
  - m_Indexes: 020000000300000001000000020000000100000000000000
    m_SmoothingGroup: 0
    m_Uv:
      m_UseWorldSpace: 0
      m_FlipU: 0
      m_FlipV: 0
      m_SwapUV: 0
      m_Fill: 1
      m_Scale: {x: 1, y: 1}
      m_Offset: {x: 0, y: 0}
      m_Rotation: 0
      m_Anchor: 9
    m_Material: {fileID: 0}
    m_SubmeshIndex: 0
    m_ManualUV: 0
    elementGroup: -1
    m_TextureGroup: -1
  - m_Indexes: 060000000700000005000000060000000500000004000000
    m_SmoothingGroup: 1
    m_Uv:
      m_UseWorldSpace: 0
      m_FlipU: 0
      m_FlipV: 0
      m_SwapUV: 0
      m_Fill: 1
      m_Scale: {x: 1, y: 1}
      m_Offset: {x: 0, y: 0}
      m_Rotation: 0
      m_Anchor: 9
    m_Material: {fileID: 0}
    m_SubmeshIndex: 0
    m_ManualUV: 0
    elementGroup: -1
    m_TextureGroup: -1
  - m_Indexes: 0a0000000b000000090000000a0000000900000008000000
    m_SmoothingGroup: 1
    m_Uv:
      m_UseWorldSpace: 0
      m_FlipU: 0
      m_FlipV: 0
      m_SwapUV: 0
      m_Fill: 1
      m_Scale: {x: 1, y: 1}
      m_Offset: {x: 0, y: 0}
      m_Rotation: 0
      m_Anchor: 9
    m_Material: {fileID: 0}
    m_SubmeshIndex: 0
    m_ManualUV: 0
    elementGroup: -1
    m_TextureGroup: -1
  - m_Indexes: 0e0000000f0000000d0000000e0000000d0000000c000000
    m_SmoothingGroup: 1
    m_Uv:
      m_UseWorldSpace: 0
      m_FlipU: 0
      m_FlipV: 0
      m_SwapUV: 0
      m_Fill: 1
      m_Scale: {x: 1, y: 1}
      m_Offset: {x: 0, y: 0}
      m_Rotation: 0
      m_Anchor: 9
    m_Material: {fileID: 0}
    m_SubmeshIndex: 0
    m_ManualUV: 0
    elementGroup: -1
    m_TextureGroup: -1
  - m_Indexes: 120000001300000011000000120000001100000010000000
    m_SmoothingGroup: 1
    m_Uv:
      m_UseWorldSpace: 0
      m_FlipU: 0
      m_FlipV: 0
      m_SwapUV: 0
      m_Fill: 1
      m_Scale: {x: 1, y: 1}
      m_Offset: {x: 0, y: 0}
      m_Rotation: 0
      m_Anchor: 9
    m_Material: {fileID: 0}
    m_SubmeshIndex: 0
    m_ManualUV: 0
    elementGroup: -1
    m_TextureGroup: -1
  - m_Indexes: 160000001700000015000000160000001500000014000000
    m_SmoothingGroup: 1
    m_Uv:
      m_UseWorldSpace: 0
      m_FlipU: 0
      m_FlipV: 0
      m_SwapUV: 0
      m_Fill: 1
      m_Scale: {x: 1, y: 1}
      m_Offset: {x: 0, y: 0}
      m_Rotation: 0
      m_Anchor: 9
    m_Material: {fileID: 0}
    m_SubmeshIndex: 0
    m_ManualUV: 0
    elementGroup: -1
    m_TextureGroup: -1
  - m_Indexes: 1a0000001b000000190000001a0000001900000018000000
    m_SmoothingGroup: 1
    m_Uv:
      m_UseWorldSpace: 0
      m_FlipU: 0
      m_FlipV: 0
      m_SwapUV: 0
      m_Fill: 1
      m_Scale: {x: 1, y: 1}
      m_Offset: {x: 0, y: 0}
      m_Rotation: 0
      m_Anchor: 9
    m_Material: {fileID: 0}
    m_SubmeshIndex: 0
    m_ManualUV: 0
    elementGroup: -1
    m_TextureGroup: -1
  - m_Indexes: 1e0000001f0000001d0000001e0000001d0000001c000000
    m_SmoothingGroup: 1
    m_Uv:
      m_UseWorldSpace: 0
      m_FlipU: 0
      m_FlipV: 0
      m_SwapUV: 0
      m_Fill: 1
      m_Scale: {x: 1, y: 1}
      m_Offset: {x: 0, y: 0}
      m_Rotation: 0
      m_Anchor: 9
    m_Material: {fileID: 0}
    m_SubmeshIndex: 0
    m_ManualUV: 0
    elementGroup: -1
    m_TextureGroup: -1
  - m_Indexes: 220000002300000021000000220000002100000020000000
    m_SmoothingGroup: 1
    m_Uv:
      m_UseWorldSpace: 0
      m_FlipU: 0
      m_FlipV: 0
      m_SwapUV: 0
      m_Fill: 1
      m_Scale: {x: 1, y: 1}
      m_Offset: {x: 0, y: 0}
      m_Rotation: 0
      m_Anchor: 9
    m_Material: {fileID: 0}
    m_SubmeshIndex: 0
    m_ManualUV: 0
    elementGroup: -1
    m_TextureGroup: -1
  - m_Indexes: 260000002700000025000000260000002500000024000000
    m_SmoothingGroup: 1
    m_Uv:
      m_UseWorldSpace: 0
      m_FlipU: 0
      m_FlipV: 0
      m_SwapUV: 0
      m_Fill: 1
      m_Scale: {x: 1, y: 1}
      m_Offset: {x: 0, y: 0}
      m_Rotation: 0
      m_Anchor: 9
    m_Material: {fileID: 0}
    m_SubmeshIndex: 0
    m_ManualUV: 0
    elementGroup: -1
    m_TextureGroup: -1
  - m_Indexes: 2a0000002b000000290000002a0000002900000028000000
    m_SmoothingGroup: 0
    m_Uv:
      m_UseWorldSpace: 0
      m_FlipU: 0
      m_FlipV: 0
      m_SwapUV: 0
      m_Fill: 1
      m_Scale: {x: 1, y: 1}
      m_Offset: {x: 0, y: 0}
      m_Rotation: 0
      m_Anchor: 9
    m_Material: {fileID: 0}
    m_SubmeshIndex: 0
    m_ManualUV: 0
    elementGroup: -1
    m_TextureGroup: -1
  - m_Indexes: 2e0000002f0000002d0000002e0000002d0000002c000000
    m_SmoothingGroup: 0
    m_Uv:
      m_UseWorldSpace: 0
      m_FlipU: 0
      m_FlipV: 0
      m_SwapUV: 0
      m_Fill: 1
      m_Scale: {x: 1, y: 1}
      m_Offset: {x: 0, y: 0}
      m_Rotation: 0
      m_Anchor: 9
    m_Material: {fileID: 0}
    m_SubmeshIndex: 0
    m_ManualUV: 0
    elementGroup: -1
    m_TextureGroup: -1
  - m_Indexes: 320000003300000031000000320000003100000030000000
    m_SmoothingGroup: 0
    m_Uv:
      m_UseWorldSpace: 0
      m_FlipU: 0
      m_FlipV: 0
      m_SwapUV: 0
      m_Fill: 1
      m_Scale: {x: 1, y: 1}
      m_Offset: {x: 0, y: 0}
      m_Rotation: 0
      m_Anchor: 9
    m_Material: {fileID: 0}
    m_SubmeshIndex: 0
    m_ManualUV: 0
    elementGroup: -1
    m_TextureGroup: -1
  - m_Indexes: 360000003700000035000000360000003500000034000000
    m_SmoothingGroup: 0
    m_Uv:
      m_UseWorldSpace: 0
      m_FlipU: 0
      m_FlipV: 0
      m_SwapUV: 0
      m_Fill: 1
      m_Scale: {x: 1, y: 1}
      m_Offset: {x: 0, y: 0}
      m_Rotation: 0
      m_Anchor: 9
    m_Material: {fileID: 0}
    m_SubmeshIndex: 0
    m_ManualUV: 0
    elementGroup: -1
    m_TextureGroup: -1
  - m_Indexes: 3a0000003b000000390000003a0000003900000038000000
    m_SmoothingGroup: 0
    m_Uv:
      m_UseWorldSpace: 0
      m_FlipU: 0
      m_FlipV: 0
      m_SwapUV: 0
      m_Fill: 1
      m_Scale: {x: 1, y: 1}
      m_Offset: {x: 0, y: 0}
      m_Rotation: 0
      m_Anchor: 9
    m_Material: {fileID: 0}
    m_SubmeshIndex: 0
    m_ManualUV: 0
    elementGroup: -1
    m_TextureGroup: -1
  - m_Indexes: 3e0000003f0000003d0000003e0000003d0000003c000000
    m_SmoothingGroup: 0
    m_Uv:
      m_UseWorldSpace: 0
      m_FlipU: 0
      m_FlipV: 0
      m_SwapUV: 0
      m_Fill: 1
      m_Scale: {x: 1, y: 1}
      m_Offset: {x: 0, y: 0}
      m_Rotation: 0
      m_Anchor: 9
    m_Material: {fileID: 0}
    m_SubmeshIndex: 0
    m_ManualUV: 0
    elementGroup: -1
    m_TextureGroup: -1
  - m_Indexes: 420000004300000041000000420000004100000040000000
    m_SmoothingGroup: 0
    m_Uv:
      m_UseWorldSpace: 0
      m_FlipU: 0
      m_FlipV: 0
      m_SwapUV: 0
      m_Fill: 1
      m_Scale: {x: 1, y: 1}
      m_Offset: {x: 0, y: 0}
      m_Rotation: 0
      m_Anchor: 9
    m_Material: {fileID: 0}
    m_SubmeshIndex: 0
    m_ManualUV: 0
    elementGroup: -1
    m_TextureGroup: -1
  - m_Indexes: 460000004700000045000000460000004500000044000000
    m_SmoothingGroup: 0
    m_Uv:
      m_UseWorldSpace: 0
      m_FlipU: 0
      m_FlipV: 0
      m_SwapUV: 0
      m_Fill: 1
      m_Scale: {x: 1, y: 1}
      m_Offset: {x: 0, y: 0}
      m_Rotation: 0
      m_Anchor: 9
    m_Material: {fileID: 0}
    m_SubmeshIndex: 0
    m_ManualUV: 0
    elementGroup: -1
    m_TextureGroup: -1
  - m_Indexes: 4a0000004b000000490000004a0000004900000048000000
    m_SmoothingGroup: 0
    m_Uv:
      m_UseWorldSpace: 0
      m_FlipU: 0
      m_FlipV: 0
      m_SwapUV: 0
      m_Fill: 1
      m_Scale: {x: 1, y: 1}
      m_Offset: {x: 0, y: 0}
      m_Rotation: 0
      m_Anchor: 9
    m_Material: {fileID: 0}
    m_SubmeshIndex: 0
    m_ManualUV: 0
    elementGroup: -1
    m_TextureGroup: -1
  - m_Indexes: 4e0000004f0000004d0000004e0000004d0000004c000000
    m_SmoothingGroup: 0
    m_Uv:
      m_UseWorldSpace: 0
      m_FlipU: 0
      m_FlipV: 0
      m_SwapUV: 0
      m_Fill: 1
      m_Scale: {x: 1, y: 1}
      m_Offset: {x: 0, y: 0}
      m_Rotation: 0
      m_Anchor: 9
    m_Material: {fileID: 0}
    m_SubmeshIndex: 0
    m_ManualUV: 0
    elementGroup: -1
    m_TextureGroup: -1
  - m_Indexes: 520000005300000051000000520000005100000050000000
    m_SmoothingGroup: 0
    m_Uv:
      m_UseWorldSpace: 0
      m_FlipU: 0
      m_FlipV: 0
      m_SwapUV: 0
      m_Fill: 1
      m_Scale: {x: 1, y: 1}
      m_Offset: {x: 0, y: 0}
      m_Rotation: 0
      m_Anchor: 9
    m_Material: {fileID: 0}
    m_SubmeshIndex: 0
    m_ManualUV: 0
    elementGroup: -1
    m_TextureGroup: -1
  - m_Indexes: 560000005700000055000000560000005500000054000000
    m_SmoothingGroup: 0
    m_Uv:
      m_UseWorldSpace: 0
      m_FlipU: 0
      m_FlipV: 0
      m_SwapUV: 0
      m_Fill: 1
      m_Scale: {x: 1, y: 1}
      m_Offset: {x: 0, y: 0}
      m_Rotation: 0
      m_Anchor: 9
    m_Material: {fileID: 0}
    m_SubmeshIndex: 0
    m_ManualUV: 0
    elementGroup: -1
    m_TextureGroup: -1
  m_SharedVertices:
  - m_Vertices: 000000000600000030000000
  - m_Vertices: 010000000b00000032000000
  - m_Vertices: 020000000400000035000000
  - m_Vertices: 030000000900000037000000
  - m_Vertices: 050000000c000000340000003d000000
  - m_Vertices: 070000000e0000003100000038000000
  - m_Vertices: 0800000011000000360000003f000000
  - m_Vertices: 0a00000013000000330000003a000000
  - m_Vertices: 0d000000140000003c00000045000000
  - m_Vertices: 0f000000160000003900000040000000
  - m_Vertices: 10000000190000003e00000047000000
  - m_Vertices: 120000001b0000003b00000042000000
  - m_Vertices: 150000001c000000440000004d000000
  - m_Vertices: 170000001e0000004100000048000000
  - m_Vertices: 1800000021000000460000004f000000
  - m_Vertices: 1a00000023000000430000004a000000
  - m_Vertices: 1d000000240000004c00000055000000
  - m_Vertices: 1f000000260000004900000050000000
  - m_Vertices: 20000000290000004e00000057000000
  - m_Vertices: 220000002b0000004b00000052000000
  - m_Vertices: 250000002f00000054000000
  - m_Vertices: 270000002d00000051000000
  - m_Vertices: 280000002e00000056000000
  - m_Vertices: 2a0000002c00000053000000
  m_SharedTextures: []
  m_Positions:
  - {x: 1.3557699, y: 0.0000002682209, z: -0.3990841}
  - {x: 1.2557698, y: 0.0000002682209, z: -0.3990841}
  - {x: 1.3557699, y: 0.0000002682209, z: -0.0000019073486}
  - {x: 1.2557698, y: 0.0000002682209, z: -0.0000019073486}
  - {x: 1.3557699, y: 0.0000002682209, z: -0.0000019073486}
  - {x: 1.2263055, y: 0.20109725, z: -0.0000019073486}
  - {x: 1.3557699, y: 0.0000002682209, z: -0.3990841}
  - {x: 1.2263055, y: 0.20109725, z: -0.3990841}
  - {x: 1.1454036, y: 0.13929385, z: -0.0000019073486}
  - {x: 1.2557698, y: 0.0000002682209, z: -0.0000019073486}
  - {x: 1.1454036, y: 0.13929385, z: -0.3990841}
  - {x: 1.2557698, y: 0.0000002682209, z: -0.3990841}
  - {x: 1.2263055, y: 0.20109725, z: -0.0000019073486}
  - {x: 0.88736296, y: 0.325382, z: -0.0000019073486}
  - {x: 1.2263055, y: 0.20109725, z: -0.3990841}
  - {x: 0.88736296, y: 0.325382, z: -0.3990841}
  - {x: 0.8564613, y: 0.22538203, z: -0.0000019073486}
  - {x: 1.1454036, y: 0.13929385, z: -0.0000019073486}
  - {x: 0.8564613, y: 0.22538203, z: -0.3990841}
  - {x: 1.1454036, y: 0.13929385, z: -0.3990841}
  - {x: 0.88736296, y: 0.325382, z: -0.0000019073486}
  - {x: 0.46840715, y: 0.325382, z: -0.0000019073486}
  - {x: 0.88736296, y: 0.325382, z: -0.3990841}
  - {x: 0.46840715, y: 0.325382, z: -0.3990841}
  - {x: 0.49930888, y: 0.22538203, z: -0.0000019073486}
  - {x: 0.8564613, y: 0.22538203, z: -0.0000019073486}
  - {x: 0.49930888, y: 0.22538203, z: -0.3990841}
  - {x: 0.8564613, y: 0.22538203, z: -0.3990841}
  - {x: 0.46840715, y: 0.325382, z: -0.0000019073486}
  - {x: 0.12946469, y: 0.2010972, z: -0.0000019073486}
  - {x: 0.46840715, y: 0.325382, z: -0.3990841}
  - {x: 0.12946469, y: 0.2010972, z: -0.3990841}
  - {x: 0.2103664, y: 0.13929383, z: -0.0000019073486}
  - {x: 0.49930888, y: 0.22538203, z: -0.0000019073486}
  - {x: 0.2103664, y: 0.13929383, z: -0.3990841}
  - {x: 0.49930888, y: 0.22538203, z: -0.3990841}
  - {x: 0.12946469, y: 0.2010972, z: -0.0000019073486}
  - {x: 0.00000023841858, y: 0.00000023841858, z: -0.0000019073486}
  - {x: 0.12946469, y: 0.2010972, z: -0.3990841}
  - {x: 0.00000023841858, y: 0.00000023841858, z: -0.3990841}
  - {x: 0.10000026, y: 0.00000025331974, z: -0.0000019073486}
  - {x: 0.2103664, y: 0.13929383, z: -0.0000019073486}
  - {x: 0.10000026, y: 0.00000025331974, z: -0.3990841}
  - {x: 0.2103664, y: 0.13929383, z: -0.3990841}
  - {x: 0.10000026, y: 0.00000025331974, z: -0.3990841}
  - {x: 0.00000023841858, y: 0.00000023841858, z: -0.3990841}
  - {x: 0.10000026, y: 0.00000025331974, z: -0.0000019073486}
  - {x: 0.00000023841858, y: 0.00000023841858, z: -0.0000019073486}
  - {x: 1.3557699, y: 0.0000002682209, z: -0.3990841}
  - {x: 1.2263055, y: 0.20109725, z: -0.3990841}
  - {x: 1.2557698, y: 0.0000002682209, z: -0.3990841}
  - {x: 1.1454036, y: 0.13929385, z: -0.3990841}
  - {x: 1.2263055, y: 0.20109725, z: -0.0000019073486}
  - {x: 1.3557699, y: 0.0000002682209, z: -0.0000019073486}
  - {x: 1.1454036, y: 0.13929385, z: -0.0000019073486}
  - {x: 1.2557698, y: 0.0000002682209, z: -0.0000019073486}
  - {x: 1.2263055, y: 0.20109725, z: -0.3990841}
  - {x: 0.88736296, y: 0.325382, z: -0.3990841}
  - {x: 1.1454036, y: 0.13929385, z: -0.3990841}
  - {x: 0.8564613, y: 0.22538203, z: -0.3990841}
  - {x: 0.88736296, y: 0.325382, z: -0.0000019073486}
  - {x: 1.2263055, y: 0.20109725, z: -0.0000019073486}
  - {x: 0.8564613, y: 0.22538203, z: -0.0000019073486}
  - {x: 1.1454036, y: 0.13929385, z: -0.0000019073486}
  - {x: 0.88736296, y: 0.325382, z: -0.3990841}
  - {x: 0.46840715, y: 0.325382, z: -0.3990841}
  - {x: 0.8564613, y: 0.22538203, z: -0.3990841}
  - {x: 0.49930888, y: 0.22538203, z: -0.3990841}
  - {x: 0.46840715, y: 0.325382, z: -0.0000019073486}
  - {x: 0.88736296, y: 0.325382, z: -0.0000019073486}
  - {x: 0.49930888, y: 0.22538203, z: -0.0000019073486}
  - {x: 0.8564613, y: 0.22538203, z: -0.0000019073486}
  - {x: 0.46840715, y: 0.325382, z: -0.3990841}
  - {x: 0.12946469, y: 0.2010972, z: -0.3990841}
  - {x: 0.49930888, y: 0.22538203, z: -0.3990841}
  - {x: 0.2103664, y: 0.13929383, z: -0.3990841}
  - {x: 0.12946469, y: 0.2010972, z: -0.0000019073486}
  - {x: 0.46840715, y: 0.325382, z: -0.0000019073486}
  - {x: 0.2103664, y: 0.13929383, z: -0.0000019073486}
  - {x: 0.49930888, y: 0.22538203, z: -0.0000019073486}
  - {x: 0.12946469, y: 0.2010972, z: -0.3990841}
  - {x: 0.00000023841858, y: 0.00000023841858, z: -0.3990841}
  - {x: 0.2103664, y: 0.13929383, z: -0.3990841}
  - {x: 0.10000026, y: 0.00000025331974, z: -0.3990841}
  - {x: 0.00000023841858, y: 0.00000023841858, z: -0.0000019073486}
  - {x: 0.12946469, y: 0.2010972, z: -0.0000019073486}
  - {x: 0.10000026, y: 0.00000025331974, z: -0.0000019073486}
  - {x: 0.2103664, y: 0.13929383, z: -0.0000019073486}
  m_Textures0:
  - {x: -1.3557699, y: -0.3990841}
  - {x: -1.2557698, y: -0.3990841}
  - {x: -1.3557699, y: -0.0000019073486}
  - {x: -1.2557698, y: -0.0000019073486}
  - {x: -0.0000019073486, y: -0.73389554}
  - {x: -0.0000019073486, y: -0.49472818}
  - {x: -0.3990841, y: -0.73389554}
  - {x: -0.3990841, y: -0.49472818}
  - {x: 0.0000019073486, y: -0.60214275}
  - {x: 0.0000019073486, y: -0.77985996}
  - {x: 0.3990841, y: -0.60214275}
  - {x: 0.3990841, y: -0.77985996}
  - {x: 1.0821114, y: -0.0000019073486}
  - {x: 0.72110057, y: -0.0000019073486}
  - {x: 1.0821114, y: -0.3990841}
  - {x: 0.72110057, y: -0.3990841}
  - {x: -0.75644934, y: -0.0000019073486}
  - {x: -1.0579437, y: -0.0000019073486}
  - {x: -0.75644934, y: -0.3990841}
  - {x: -1.0579437, y: -0.3990841}
  - {x: 0.88736296, y: -0.0000019073486}
  - {x: 0.46840715, y: -0.0000019073486}
  - {x: 0.88736296, y: -0.3990841}
  - {x: 0.46840715, y: -0.3990841}
  - {x: -0.49930888, y: -0.0000019073486}
  - {x: -0.8564613, y: -0.0000019073486}
  - {x: -0.49930888, y: -0.3990841}
  - {x: -0.8564613, y: -0.3990841}
  - {x: 0.55179286, y: -0.0000019073486}
  - {x: 0.19078217, y: -0.0000019073486}
  - {x: 0.55179286, y: -0.3990841}
  - {x: 0.19078217, y: -0.3990841}
  - {x: -0.241382, y: -0.0000019073486}
  - {x: -0.5428765, y: -0.0000019073486}
  - {x: -0.241382, y: -0.3990841}
  - {x: -0.5428765, y: -0.3990841}
  - {x: 0.0000019073486, y: 0.23916769}
  - {x: 0.0000019073486, y: 0.00000032952647}
  - {x: 0.3990841, y: 0.23916769}
  - {x: 0.3990841, y: 0.00000032952647}
  - {x: -0.0000019073486, y: 0.062102493}
  - {x: -0.0000019073486, y: 0.23981965}
  - {x: -0.3990841, y: 0.062102493}
  - {x: -0.3990841, y: 0.23981965}
  - {x: -0.10000026, y: -0.3990841}
  - {x: -0.0000002384186, y: -0.3990841}
  - {x: -0.10000026, y: -0.0000019073486}
  - {x: -0.0000002384186, y: -0.0000019073486}
  - {x: 1.3557699, y: 0.0000002682209}
  - {x: 1.2263055, y: 0.20109725}
  - {x: 1.2557698, y: 0.0000002682209}
  - {x: 1.1454036, y: 0.13929385}
  - {x: -1.2263055, y: 0.20109725}
  - {x: -1.3557699, y: 0.0000002682209}
  - {x: -1.1454036, y: 0.13929385}
  - {x: -1.2557698, y: 0.0000002682209}
  - {x: 1.2263055, y: 0.20109725}
  - {x: 0.88736296, y: 0.325382}
  - {x: 1.1454036, y: 0.13929385}
  - {x: 0.8564613, y: 0.22538203}
  - {x: -0.88736296, y: 0.325382}
  - {x: -1.2263055, y: 0.20109725}
  - {x: -0.8564613, y: 0.22538203}
  - {x: -1.1454036, y: 0.13929385}
  - {x: 0.88736296, y: 0.325382}
  - {x: 0.46840715, y: 0.325382}
  - {x: 0.8564613, y: 0.22538203}
  - {x: 0.49930888, y: 0.22538203}
  - {x: -0.46840715, y: 0.325382}
  - {x: -0.88736296, y: 0.325382}
  - {x: -0.49930888, y: 0.22538203}
  - {x: -0.8564613, y: 0.22538203}
  - {x: 0.46840715, y: 0.325382}
  - {x: 0.12946469, y: 0.2010972}
  - {x: 0.49930888, y: 0.22538203}
  - {x: 0.2103664, y: 0.13929383}
  - {x: -0.12946469, y: 0.2010972}
  - {x: -0.46840715, y: 0.325382}
  - {x: -0.2103664, y: 0.13929383}
  - {x: -0.49930888, y: 0.22538203}
  - {x: 0.12946469, y: 0.2010972}
  - {x: 0.00000023841858, y: 0.00000023841858}
  - {x: 0.2103664, y: 0.13929383}
  - {x: 0.10000026, y: 0.00000025331974}
  - {x: -0.00000023841858, y: 0.00000023841858}
  - {x: -0.12946469, y: 0.2010972}
  - {x: -0.10000026, y: 0.00000025331974}
  - {x: -0.2103664, y: 0.13929383}
  m_Textures2: []
  m_Textures3: []
  m_Tangents:
  - {x: -1, y: 0, z: 0, w: -1}
  - {x: -1, y: 0, z: 0, w: -1}
  - {x: -1, y: 0, z: 0, w: -1}
  - {x: -1, y: 0, z: 0, w: -1}
  - {x: 0, y: 0, z: 1, w: -1}
  - {x: 0, y: 0, z: 1, w: -1}
  - {x: 0, y: 0, z: 1, w: -1}
  - {x: 0, y: 0, z: 1, w: -1}
  - {x: 0, y: 0, z: -1, w: -1}
  - {x: 0, y: 0, z: -1, w: -1}
  - {x: 0, y: 0, z: -1, w: -1}
  - {x: 0, y: 0, z: -1, w: -1}
  - {x: 0.7806262, y: -0.62499815, z: 0, w: -1}
  - {x: 0.98459923, y: -0.17482689, z: 0, w: -1}
  - {x: 0.7806262, y: -0.62499815, z: 0, w: -1}
  - {x: 0.98459923, y: -0.17482689, z: 0, w: -1}
  - {x: -0.98953706, y: 0.14427873, z: 0, w: -1}
  - {x: -0.8280591, y: 0.56064093, z: 0, w: -1}
  - {x: -0.98953706, y: 0.14427873, z: 0, w: -1}
  - {x: -0.8280591, y: 0.56064093, z: 0, w: -1}
  - {x: 0.98459923, y: -0.1748269, z: 0, w: -1}
  - {x: 0.9845992, y: 0.17482698, z: 0, w: -1}
  - {x: 0.98459923, y: -0.1748269, z: 0, w: -1}
  - {x: 0.9845992, y: 0.17482698, z: 0, w: -1}
  - {x: -0.98953706, y: -0.14427869, z: 0, w: -1}
  - {x: -0.98953706, y: 0.14427873, z: 0, w: -1}
  - {x: -0.98953706, y: -0.14427869, z: 0, w: -1}
  - {x: -0.98953706, y: 0.14427873, z: 0, w: -1}
  - {x: 0.9845992, y: 0.174827, z: 0, w: -1}
  - {x: 0.78062624, y: 0.6249981, z: 0, w: -1}
  - {x: 0.9845992, y: 0.174827, z: 0, w: -1}
  - {x: 0.78062624, y: 0.6249981, z: 0, w: -1}
  - {x: -0.95836735, y: -0.2855382, z: 0, w: -1}
  - {x: -0.98953706, y: -0.1442787, z: 0, w: -1}
  - {x: -0.95836735, y: -0.2855382, z: 0, w: -1}
  - {x: -0.98953706, y: -0.1442787, z: 0, w: -1}
  - {x: 0, y: 0, z: -1, w: -1}
  - {x: 0, y: 0, z: -1, w: -1}
  - {x: 0, y: 0, z: -1, w: -1}
  - {x: 0, y: 0, z: -1, w: -1}
  - {x: 0, y: 0, z: 1, w: -1}
  - {x: 0, y: 0, z: 1, w: -1}
  - {x: 0, y: 0, z: 1, w: -1}
  - {x: 0, y: 0, z: 1, w: -1}
  - {x: -1, y: -0.00000014901158, z: 0, w: -1}
  - {x: -1, y: -0.00000014901158, z: 0, w: -1}
  - {x: -1, y: -0.00000014901158, z: 0, w: -1}
  - {x: -1, y: -0.00000014901158, z: 0, w: -1}
  - {x: 1, y: 0, z: 0, w: -1}
  - {x: 1, y: 0, z: 0, w: -1}
  - {x: 1, y: 0, z: 0, w: -1}
  - {x: 1, y: 0, z: 0, w: -1}
  - {x: -1, y: 0, z: 0, w: -1}
  - {x: -1, y: 0, z: 0, w: -1}
  - {x: -1, y: 0, z: 0, w: -1}
  - {x: -1, y: 0, z: 0, w: -1}
  - {x: 1, y: 0, z: 0, w: -1}
  - {x: 1, y: 0, z: 0, w: -1}
  - {x: 1, y: 0, z: 0, w: -1}
  - {x: 1, y: 0, z: 0, w: -1}
  - {x: -1, y: 0, z: 0, w: -1}
  - {x: -1, y: 0, z: 0, w: -1}
  - {x: -1, y: 0, z: 0, w: -1}
  - {x: -1, y: 0, z: 0, w: -1}
  - {x: 1, y: 0, z: 0, w: -1}
  - {x: 1, y: 0, z: 0, w: -1}
  - {x: 1, y: 0, z: 0, w: -1}
  - {x: 1, y: 0, z: 0, w: -1}
  - {x: -1, y: 0, z: 0, w: -1}
  - {x: -1, y: 0, z: 0, w: -1}
  - {x: -1, y: 0, z: 0, w: -1}
  - {x: -1, y: 0, z: 0, w: -1}
  - {x: 1, y: 0, z: 0, w: -1}
  - {x: 1, y: 0, z: 0, w: -1}
  - {x: 1, y: 0, z: 0, w: -1}
  - {x: 1, y: 0, z: 0, w: -1}
  - {x: -1, y: 0, z: 0, w: -1}
  - {x: -1, y: 0, z: 0, w: -1}
  - {x: -1, y: 0, z: 0, w: -1}
  - {x: -1, y: 0, z: 0, w: -1}
  - {x: 1, y: 0, z: 0, w: -1}
  - {x: 1, y: 0, z: 0, w: -1}
  - {x: 1, y: 0, z: 0, w: -1}
  - {x: 1, y: 0, z: 0, w: -1}
  - {x: -1, y: 0, z: 0, w: -1}
  - {x: -1, y: 0, z: 0, w: -1}
  - {x: -1, y: 0, z: 0, w: -1}
  - {x: -1, y: 0, z: 0, w: -1}
  m_Colors: []
  m_UnwrapParameters:
    m_HardAngle: 88
    m_PackMargin: 20
    m_AngleError: 8
    m_AreaError: 15
  m_PreserveMeshAssetOnDestroy: 0
  assetGuid: 
  m_Mesh: {fileID: 0}
  m_VersionIndex: 1916
  m_IsSelectable: 1
  m_SelectedFaces: 
  m_SelectedEdges: []
  m_SelectedVertices: 
--- !u!114 &6169382161988571671
MonoBehaviour:
  m_ObjectHideFlags: 0
  m_CorrespondingSourceObject: {fileID: 0}
  m_PrefabInstance: {fileID: 0}
  m_PrefabAsset: {fileID: 0}
  m_GameObject: {fileID: 2347617944817397050}
  m_Enabled: 1
  m_EditorHideFlags: 0
  m_Script: {fileID: 11500000, guid: 1ca002da428252441b92f28d83c8a65f, type: 3}
  m_Name: 
  m_EditorClassIdentifier: 
  m_Shape:
    rid: 8827638414935588887
  m_Size: {x: 1.3557696, y: 0.32538176, z: -0.39908218}
  m_Rotation: {x: 0, y: 0, z: 0, w: 1}
  m_PivotLocation: 1
  m_PivotPosition: {x: 0, y: 0, z: 0}
  m_UnmodifiedMeshVersion: 1913
  m_ShapeBox:
    m_Center: {x: 0.67788506, y: 0.16269112, z: -0.199543}
    m_Extent: {x: 0.6778848, y: 0.15472823, z: 0.19954109}
  references:
    version: 2
    RefIds:
    - rid: 8827638414935588887
      type: {class: Arch, ns: UnityEngine.ProBuilder.Shapes, asm: Unity.ProBuilder}
      data:
        m_Thickness: 0.1
        m_NumberOfSides: 5
        m_ArchDegrees: 180
        m_EndCaps: 1
        m_Smooth: 1
--- !u!23 &7966409961212382630
MeshRenderer:
  m_ObjectHideFlags: 0
  m_CorrespondingSourceObject: {fileID: 0}
  m_PrefabInstance: {fileID: 0}
  m_PrefabAsset: {fileID: 0}
  m_GameObject: {fileID: 2347617944817397050}
  m_Enabled: 1
  m_CastShadows: 1
  m_ReceiveShadows: 1
  m_DynamicOccludee: 1
  m_StaticShadowCaster: 0
  m_MotionVectors: 1
  m_LightProbeUsage: 1
  m_ReflectionProbeUsage: 1
  m_RayTracingMode: 2
  m_RayTraceProcedural: 0
  m_RenderingLayerMask: 1
  m_RendererPriority: 0
  m_Materials:
  - {fileID: 2100000, guid: f0ff640315f80d24fad9a6b8a42082dc, type: 2}
  m_StaticBatchInfo:
    firstSubMesh: 0
    subMeshCount: 0
  m_StaticBatchRoot: {fileID: 0}
  m_ProbeAnchor: {fileID: 0}
  m_LightProbeVolumeOverride: {fileID: 0}
  m_ScaleInLightmap: 1
  m_ReceiveGI: 1
  m_PreserveUVs: 0
  m_IgnoreNormalsForChartDetection: 0
  m_ImportantGI: 0
  m_StitchLightmapSeams: 1
  m_SelectedEditorRenderState: 2
  m_MinimumChartSize: 4
  m_AutoUVMaxDistance: 0.5
  m_AutoUVMaxAngle: 89
  m_LightmapParameters: {fileID: 0}
  m_SortingLayerID: 0
  m_SortingLayer: 0
  m_SortingOrder: 0
  m_AdditionalVertexStreams: {fileID: 0}
--- !u!33 &4965914544914919191
MeshFilter:
  m_ObjectHideFlags: 0
  m_CorrespondingSourceObject: {fileID: 0}
  m_PrefabInstance: {fileID: 0}
  m_PrefabAsset: {fileID: 0}
  m_GameObject: {fileID: 2347617944817397050}
  m_Mesh: {fileID: 0}
--- !u!64 &5689851236692300360
MeshCollider:
  m_ObjectHideFlags: 0
  m_CorrespondingSourceObject: {fileID: 0}
  m_PrefabInstance: {fileID: 0}
  m_PrefabAsset: {fileID: 0}
  m_GameObject: {fileID: 2347617944817397050}
  m_Material: {fileID: 0}
  m_IsTrigger: 0
  m_Enabled: 1
  serializedVersion: 4
  m_Convex: 0
  m_CookingOptions: 30
  m_Mesh: {fileID: 0}
--- !u!1 &3199358952582044488
GameObject:
  m_ObjectHideFlags: 0
  m_CorrespondingSourceObject: {fileID: 0}
  m_PrefabInstance: {fileID: 0}
  m_PrefabAsset: {fileID: 0}
  serializedVersion: 6
  m_Component:
  - component: {fileID: 5213451442824180710}
  - component: {fileID: 608301800783757598}
  - component: {fileID: 5196992106033115503}
  - component: {fileID: 2060254686525531781}
  m_Layer: 0
  m_Name: Cylinder
  m_TagString: Untagged
  m_Icon: {fileID: 0}
  m_NavMeshLayer: 0
  m_StaticEditorFlags: 0
  m_IsActive: 1
--- !u!4 &5213451442824180710
Transform:
  m_ObjectHideFlags: 0
  m_CorrespondingSourceObject: {fileID: 0}
  m_PrefabInstance: {fileID: 0}
  m_PrefabAsset: {fileID: 0}
  m_GameObject: {fileID: 3199358952582044488}
  m_LocalRotation: {x: -0, y: -0, z: -0, w: 1}
  m_LocalPosition: {x: -0.002, y: -0.541, z: 0.019}
  m_LocalScale: {x: 1.2, y: 0.20000002, z: 1.2}
  m_ConstrainProportionsScale: 0
  m_Children: []
  m_Father: {fileID: 3118118939170252723}
  m_RootOrder: 1
  m_LocalEulerAnglesHint: {x: 0, y: 0, z: 0}
--- !u!33 &608301800783757598
MeshFilter:
  m_ObjectHideFlags: 0
  m_CorrespondingSourceObject: {fileID: 0}
  m_PrefabInstance: {fileID: 0}
  m_PrefabAsset: {fileID: 0}
  m_GameObject: {fileID: 3199358952582044488}
  m_Mesh: {fileID: 10206, guid: 0000000000000000e000000000000000, type: 0}
--- !u!23 &5196992106033115503
MeshRenderer:
  m_ObjectHideFlags: 0
  m_CorrespondingSourceObject: {fileID: 0}
  m_PrefabInstance: {fileID: 0}
  m_PrefabAsset: {fileID: 0}
  m_GameObject: {fileID: 3199358952582044488}
  m_Enabled: 1
  m_CastShadows: 1
  m_ReceiveShadows: 1
  m_DynamicOccludee: 1
  m_StaticShadowCaster: 0
  m_MotionVectors: 1
  m_LightProbeUsage: 1
  m_ReflectionProbeUsage: 1
  m_RayTracingMode: 2
  m_RayTraceProcedural: 0
  m_RenderingLayerMask: 1
  m_RendererPriority: 0
  m_Materials:
  - {fileID: 2100000, guid: 048435d941c7e2d4f80a773ac3eeb088, type: 2}
  m_StaticBatchInfo:
    firstSubMesh: 0
    subMeshCount: 0
  m_StaticBatchRoot: {fileID: 0}
  m_ProbeAnchor: {fileID: 0}
  m_LightProbeVolumeOverride: {fileID: 0}
  m_ScaleInLightmap: 1
  m_ReceiveGI: 1
  m_PreserveUVs: 0
  m_IgnoreNormalsForChartDetection: 0
  m_ImportantGI: 0
  m_StitchLightmapSeams: 1
  m_SelectedEditorRenderState: 3
  m_MinimumChartSize: 4
  m_AutoUVMaxDistance: 0.5
  m_AutoUVMaxAngle: 89
  m_LightmapParameters: {fileID: 0}
  m_SortingLayerID: 0
  m_SortingLayer: 0
  m_SortingOrder: 0
  m_AdditionalVertexStreams: {fileID: 0}
--- !u!136 &2060254686525531781
CapsuleCollider:
  m_ObjectHideFlags: 0
  m_CorrespondingSourceObject: {fileID: 0}
  m_PrefabInstance: {fileID: 0}
  m_PrefabAsset: {fileID: 0}
  m_GameObject: {fileID: 3199358952582044488}
  m_Material: {fileID: 0}
  m_IsTrigger: 0
  m_Enabled: 1
  m_Radius: 0.5000001
  m_Height: 2
  m_Direction: 1
  m_Center: {x: 0.000000059604645, y: 0, z: -0.00000008940697}
--- !u!1 &5744220694703220755
GameObject:
  m_ObjectHideFlags: 0
  m_CorrespondingSourceObject: {fileID: 0}
  m_PrefabInstance: {fileID: 0}
  m_PrefabAsset: {fileID: 0}
  serializedVersion: 6
  m_Component:
  - component: {fileID: 754889181603086707}
  - component: {fileID: 8784904011912276921}
  - component: {fileID: 4786878514751409858}
  - component: {fileID: 435173185915460207}
  m_Layer: 0
  m_Name: Sphere
  m_TagString: Untagged
  m_Icon: {fileID: 0}
  m_NavMeshLayer: 0
  m_StaticEditorFlags: 0
  m_IsActive: 1
--- !u!4 &754889181603086707
Transform:
  m_ObjectHideFlags: 0
  m_CorrespondingSourceObject: {fileID: 0}
  m_PrefabInstance: {fileID: 0}
  m_PrefabAsset: {fileID: 0}
  m_GameObject: {fileID: 5744220694703220755}
  m_LocalRotation: {x: -0, y: 1, z: -0, w: 0}
  m_LocalPosition: {x: 0.243, y: 0.5157888, z: 0.414}
  m_LocalScale: {x: 0.20000002, y: 0.20000002, z: 0.20000002}
  m_ConstrainProportionsScale: 0
  m_Children: []
  m_Father: {fileID: 3118118939170252723}
  m_RootOrder: 3
  m_LocalEulerAnglesHint: {x: 0, y: 0, z: 0}
--- !u!33 &8784904011912276921
MeshFilter:
  m_ObjectHideFlags: 0
  m_CorrespondingSourceObject: {fileID: 0}
  m_PrefabInstance: {fileID: 0}
  m_PrefabAsset: {fileID: 0}
  m_GameObject: {fileID: 5744220694703220755}
  m_Mesh: {fileID: 10207, guid: 0000000000000000e000000000000000, type: 0}
--- !u!23 &4786878514751409858
MeshRenderer:
  m_ObjectHideFlags: 0
  m_CorrespondingSourceObject: {fileID: 0}
  m_PrefabInstance: {fileID: 0}
  m_PrefabAsset: {fileID: 0}
  m_GameObject: {fileID: 5744220694703220755}
  m_Enabled: 1
  m_CastShadows: 1
  m_ReceiveShadows: 1
  m_DynamicOccludee: 1
  m_StaticShadowCaster: 0
  m_MotionVectors: 1
  m_LightProbeUsage: 1
  m_ReflectionProbeUsage: 1
  m_RayTracingMode: 2
  m_RayTraceProcedural: 0
  m_RenderingLayerMask: 1
  m_RendererPriority: 0
  m_Materials:
  - {fileID: 2100000, guid: ec43a12b75ebbd14583bd076c51e67b6, type: 2}
  m_StaticBatchInfo:
    firstSubMesh: 0
    subMeshCount: 0
  m_StaticBatchRoot: {fileID: 0}
  m_ProbeAnchor: {fileID: 0}
  m_LightProbeVolumeOverride: {fileID: 0}
  m_ScaleInLightmap: 1
  m_ReceiveGI: 1
  m_PreserveUVs: 0
  m_IgnoreNormalsForChartDetection: 0
  m_ImportantGI: 0
  m_StitchLightmapSeams: 1
  m_SelectedEditorRenderState: 3
  m_MinimumChartSize: 4
  m_AutoUVMaxDistance: 0.5
  m_AutoUVMaxAngle: 89
  m_LightmapParameters: {fileID: 0}
  m_SortingLayerID: 0
  m_SortingLayer: 0
  m_SortingOrder: 0
  m_AdditionalVertexStreams: {fileID: 0}
--- !u!135 &435173185915460207
SphereCollider:
  m_ObjectHideFlags: 0
  m_CorrespondingSourceObject: {fileID: 0}
  m_PrefabInstance: {fileID: 0}
  m_PrefabAsset: {fileID: 0}
  m_GameObject: {fileID: 5744220694703220755}
  m_Material: {fileID: 0}
  m_IsTrigger: 0
  m_Enabled: 1
  serializedVersion: 2
  m_Radius: 0.5
  m_Center: {x: 0, y: 0, z: 0}
--- !u!1 &7588757157717148956
GameObject:
  m_ObjectHideFlags: 0
  m_CorrespondingSourceObject: {fileID: 0}
  m_PrefabInstance: {fileID: 0}
  m_PrefabAsset: {fileID: 0}
  serializedVersion: 6
  m_Component:
  - component: {fileID: 3118118939170252723}
  - component: {fileID: 8423650007282445672}
  - component: {fileID: 1859035251935389315}
  - component: {fileID: 731122622834697767}
  - component: {fileID: 6089069994534562923}
  m_Layer: 0
  m_Name: Bot3
  m_TagString: Untagged
  m_Icon: {fileID: 0}
  m_NavMeshLayer: 0
  m_StaticEditorFlags: 0
  m_IsActive: 1
--- !u!4 &3118118939170252723
Transform:
  m_ObjectHideFlags: 0
  m_CorrespondingSourceObject: {fileID: 0}
  m_PrefabInstance: {fileID: 0}
  m_PrefabAsset: {fileID: 0}
  m_GameObject: {fileID: 7588757157717148956}
  m_LocalRotation: {x: 0, y: 0, z: 0, w: 1}
  m_LocalPosition: {x: 3.681877, y: 1.16, z: -4.518}
  m_LocalScale: {x: 1.5, y: 1.5, z: 1.5}
  m_ConstrainProportionsScale: 0
  m_Children:
  - {fileID: 318002891247249925}
  - {fileID: 5213451442824180710}
  - {fileID: 3338080828765184402}
  - {fileID: 754889181603086707}
  m_Father: {fileID: 0}
  m_RootOrder: 0
  m_LocalEulerAnglesHint: {x: 0, y: 0, z: 0}
--- !u!33 &8423650007282445672
MeshFilter:
  m_ObjectHideFlags: 0
  m_CorrespondingSourceObject: {fileID: 0}
  m_PrefabInstance: {fileID: 0}
  m_PrefabAsset: {fileID: 0}
  m_GameObject: {fileID: 7588757157717148956}
  m_Mesh: {fileID: 10208, guid: 0000000000000000e000000000000000, type: 0}
--- !u!23 &1859035251935389315
MeshRenderer:
  m_ObjectHideFlags: 0
  m_CorrespondingSourceObject: {fileID: 0}
  m_PrefabInstance: {fileID: 0}
  m_PrefabAsset: {fileID: 0}
  m_GameObject: {fileID: 7588757157717148956}
  m_Enabled: 1
  m_CastShadows: 1
  m_ReceiveShadows: 1
  m_DynamicOccludee: 1
  m_StaticShadowCaster: 0
  m_MotionVectors: 1
  m_LightProbeUsage: 1
  m_ReflectionProbeUsage: 1
  m_RayTracingMode: 2
  m_RayTraceProcedural: 0
  m_RenderingLayerMask: 1
  m_RendererPriority: 0
  m_Materials:
  - {fileID: 2100000, guid: c87a0fcd0a093f845aa82dea561eaf55, type: 2}
  m_StaticBatchInfo:
    firstSubMesh: 0
    subMeshCount: 0
  m_StaticBatchRoot: {fileID: 0}
  m_ProbeAnchor: {fileID: 0}
  m_LightProbeVolumeOverride: {fileID: 0}
  m_ScaleInLightmap: 1
  m_ReceiveGI: 1
  m_PreserveUVs: 0
  m_IgnoreNormalsForChartDetection: 0
  m_ImportantGI: 0
  m_StitchLightmapSeams: 1
  m_SelectedEditorRenderState: 3
  m_MinimumChartSize: 4
  m_AutoUVMaxDistance: 0.5
  m_AutoUVMaxAngle: 89
  m_LightmapParameters: {fileID: 0}
  m_SortingLayerID: 0
  m_SortingLayer: 0
  m_SortingOrder: 0
  m_AdditionalVertexStreams: {fileID: 0}
--- !u!136 &731122622834697767
CapsuleCollider:
  m_ObjectHideFlags: 0
  m_CorrespondingSourceObject: {fileID: 0}
  m_PrefabInstance: {fileID: 0}
  m_PrefabAsset: {fileID: 0}
  m_GameObject: {fileID: 7588757157717148956}
  m_Material: {fileID: 0}
  m_IsTrigger: 0
  m_Enabled: 1
  m_Radius: 0.5
  m_Height: 2
  m_Direction: 1
  m_Center: {x: 0, y: 0, z: 0}
--- !u!114 &6089069994534562923
MonoBehaviour:
  m_ObjectHideFlags: 0
  m_CorrespondingSourceObject: {fileID: 0}
  m_PrefabInstance: {fileID: 0}
  m_PrefabAsset: {fileID: 0}
  m_GameObject: {fileID: 7588757157717148956}
  m_Enabled: 1
  m_EditorHideFlags: 0
  m_Script: {fileID: 11500000, guid: 454479248d822ed4f8b7eb1f02deb60f, type: 3}
  m_Name: 
  m_EditorClassIdentifier: 
  hpInicial: 200
  rapidez: 1
--- !u!1 &8285043653460030455
GameObject:
  m_ObjectHideFlags: 0
  m_CorrespondingSourceObject: {fileID: 0}
  m_PrefabInstance: {fileID: 0}
  m_PrefabAsset: {fileID: 0}
  serializedVersion: 6
  m_Component:
  - component: {fileID: 3338080828765184402}
  - component: {fileID: 5716984433645519963}
  - component: {fileID: 5076411178180127743}
  - component: {fileID: 7559327650977817320}
  m_Layer: 0
  m_Name: Sphere
  m_TagString: Untagged
  m_Icon: {fileID: 0}
  m_NavMeshLayer: 0
  m_StaticEditorFlags: 0
  m_IsActive: 1
--- !u!4 &3338080828765184402
Transform:
  m_ObjectHideFlags: 0
  m_CorrespondingSourceObject: {fileID: 0}
  m_PrefabInstance: {fileID: 0}
  m_PrefabAsset: {fileID: 0}
  m_GameObject: {fileID: 8285043653460030455}
  m_LocalRotation: {x: -0, y: 1, z: -0, w: 0}
  m_LocalPosition: {x: -0.17041032, y: 0.5157888, z: 0.436}
  m_LocalScale: {x: 0.20000002, y: 0.20000002, z: 0.20000002}
  m_ConstrainProportionsScale: 0
  m_Children: []
  m_Father: {fileID: 3118118939170252723}
  m_RootOrder: 2
  m_LocalEulerAnglesHint: {x: 0, y: 0, z: 0}
--- !u!33 &5716984433645519963
MeshFilter:
  m_ObjectHideFlags: 0
  m_CorrespondingSourceObject: {fileID: 0}
  m_PrefabInstance: {fileID: 0}
  m_PrefabAsset: {fileID: 0}
  m_GameObject: {fileID: 8285043653460030455}
  m_Mesh: {fileID: 10207, guid: 0000000000000000e000000000000000, type: 0}
--- !u!23 &5076411178180127743
MeshRenderer:
  m_ObjectHideFlags: 0
  m_CorrespondingSourceObject: {fileID: 0}
  m_PrefabInstance: {fileID: 0}
  m_PrefabAsset: {fileID: 0}
  m_GameObject: {fileID: 8285043653460030455}
  m_Enabled: 1
  m_CastShadows: 1
  m_ReceiveShadows: 1
  m_DynamicOccludee: 1
  m_StaticShadowCaster: 0
  m_MotionVectors: 1
  m_LightProbeUsage: 1
  m_ReflectionProbeUsage: 1
  m_RayTracingMode: 2
  m_RayTraceProcedural: 0
  m_RenderingLayerMask: 1
  m_RendererPriority: 0
  m_Materials:
  - {fileID: 2100000, guid: ec43a12b75ebbd14583bd076c51e67b6, type: 2}
  m_StaticBatchInfo:
    firstSubMesh: 0
    subMeshCount: 0
  m_StaticBatchRoot: {fileID: 0}
  m_ProbeAnchor: {fileID: 0}
  m_LightProbeVolumeOverride: {fileID: 0}
  m_ScaleInLightmap: 1
  m_ReceiveGI: 1
  m_PreserveUVs: 0
  m_IgnoreNormalsForChartDetection: 0
  m_ImportantGI: 0
  m_StitchLightmapSeams: 1
  m_SelectedEditorRenderState: 3
  m_MinimumChartSize: 4
  m_AutoUVMaxDistance: 0.5
  m_AutoUVMaxAngle: 89
  m_LightmapParameters: {fileID: 0}
  m_SortingLayerID: 0
  m_SortingLayer: 0
  m_SortingOrder: 0
  m_AdditionalVertexStreams: {fileID: 0}
--- !u!135 &7559327650977817320
SphereCollider:
  m_ObjectHideFlags: 0
  m_CorrespondingSourceObject: {fileID: 0}
  m_PrefabInstance: {fileID: 0}
  m_PrefabAsset: {fileID: 0}
  m_GameObject: {fileID: 8285043653460030455}
  m_Material: {fileID: 0}
  m_IsTrigger: 0
  m_Enabled: 1
  serializedVersion: 2
  m_Radius: 0.5
  m_Center: {x: 0, y: 0, z: 0}
